
@Misc{cite1,
  key    = "web:cite1",
  author = "{John Pain}",
  title =  "{Funny title}",
  note   = "\\ \url{http://www.funny.web}, June 2014",
}


